
@article{stanley_hypercube-based_2009,
	title = {A hypercube-based encoding for evolving large-scale neural networks},
	volume = {15},
	pages = {185--212},
	number = {2},
	journaltitle = {Artificial life},
	author = {Stanley, Kenneth O. and D'Ambrosio, David B. and Gauci, Jason},
	urldate = {2014-03-17},
	date = {2009},
	file = {[PDF] from byu.edu:C\:\\Users\\James\\AppData\\Roaming\\Zotero\\Zotero\\Profiles\\qyqevu1o.default\\zotero\\storage\\Q78KJJME\\Stanley et al. - 2009 - A hypercube-based encoding for evolving large-scal.pdf:application/pdf;Snapshot:C\:\\Users\\James\\AppData\\Roaming\\Zotero\\Zotero\\Profiles\\qyqevu1o.default\\zotero\\storage\\JZE9RVME\\cookieAbsent.html:text/html}
}

@article{gauci_autonomous_2010,
	title = {Autonomous evolution of topographic regularities in artificial neural networks},
	volume = {22},
	pages = {1860--1898},
	number = {7},
	journaltitle = {Neural computation},
	author = {Gauci, Jason and Stanley, Kenneth O.},
	urldate = {2014-03-17},
	date = {2010},
	file = {[PDF] from ntnu.no:C\:\\Users\\James\\AppData\\Roaming\\Zotero\\Zotero\\Profiles\\qyqevu1o.default\\zotero\\storage\\8PR3M4K2\\Gauci and Stanley - 2010 - Autonomous evolution of topographic regularities i.pdf:application/pdf;Snapshot:C\:\\Users\\James\\AppData\\Roaming\\Zotero\\Zotero\\Profiles\\qyqevu1o.default\\zotero\\storage\\SJEIV2E4\\cookieAbsent.html:text/html}
}

@article{hansen_completely_2001,
	title = {Completely derandomized self-adaptation in evolution strategies},
	volume = {9},
	pages = {159--195},
	number = {2},
	journaltitle = {Evolutionary computation},
	author = {Hansen, Nikolaus and Ostermeier, Andreas},
	urldate = {2014-03-10},
	date = {2001},
	file = {[PDF] from aminer.org:C\:\\Users\\James\\AppData\\Roaming\\Zotero\\Zotero\\Profiles\\qyqevu1o.default\\zotero\\storage\\DVDWZWWZ\\Hansen and Ostermeier - 2001 - Completely derandomized self-adaptation in evoluti.pdf:application/pdf}
}

@article{stanley_compositional_2007,
	title = {Compositional pattern producing networks: A novel abstraction of development},
	volume = {8},
	shorttitle = {Compositional pattern producing networks},
	pages = {131--162},
	number = {2},
	journaltitle = {Genetic programming and evolvable machines},
	author = {Stanley, Kenneth O.},
	urldate = {2014-03-17},
	date = {2007},
	file = {[PDF] from psu.edu:C\:\\Users\\James\\AppData\\Roaming\\Zotero\\Zotero\\Profiles\\qyqevu1o.default\\zotero\\storage\\4TIRS986\\Stanley - 2007 - Compositional pattern producing networks A novel .pdf:application/pdf;Snapshot:C\:\\Users\\James\\AppData\\Roaming\\Zotero\\Zotero\\Profiles\\qyqevu1o.default\\zotero\\storage\\PS64R4MW\\s10710-007-9028-8.html:text/html}
}

@article{yong_cooperative_2001,
	title = {Cooperative coevolution of multi-agent systems},
	journaltitle = {University of Texas at Austin, Austin, {TX}},
	author = {Yong, Chern Han and Miikkulainen, Risto},
	urldate = {2014-06-20},
	date = {2001}
}

@article{potter_cooperative_2000,
	title = {Cooperative coevolution: An architecture for evolving coadapted subcomponents},
	volume = {8},
	shorttitle = {Cooperative coevolution},
	pages = {1--29},
	number = {1},
	journaltitle = {Evolutionary computation},
	author = {Potter, Mitchell A. and De Jong, Kenneth A.},
	urldate = {2014-06-20},
	date = {2000},
	file = {[PDF] from mit.edu:C\:\\Users\\James\\AppData\\Roaming\\Zotero\\Zotero\\Profiles\\qyqevu1o.default\\zotero\\storage\\QJ6H7SFK\\Potter and De Jong - 2000 - Cooperative coevolution An architecture for evolv.pdf:application/pdf}
}

@book{stanley_efficient_2004,
	title = {Efficient evolution of neural networks through complexification},
	publisher = {Citeseer},
	author = {Stanley, Kenneth Owen and Miikkulainen, Risto P.},
	urldate = {2014-03-10},
	date = {2004},
	file = {[PDF] from psu.edu:C\:\\Users\\James\\AppData\\Roaming\\Zotero\\Zotero\\Profiles\\qyqevu1o.default\\zotero\\storage\\AVATJ5JC\\Stanley and Miikkulainen - 2004 - Efficient evolution of neural networks through com.pdf:application/pdf}
}

@incollection{siebel_efficient_2007,
	title = {Efficient learning of neural networks with evolutionary algorithms},
	pages = {466--475},
	booktitle = {Pattern Recognition},
	publisher = {Springer},
	author = {Siebel, Nils T. and Krause, Jochen and Sommer, Gerald},
	urldate = {2014-03-11},
	date = {2007},
	file = {[PDF] from psu.edu:C\:\\Users\\James\\AppData\\Roaming\\Zotero\\Zotero\\Profiles\\qyqevu1o.default\\zotero\\storage\\J3X48GS5\\Siebel et al. - 2007 - Efficient learning of neural networks with evoluti.pdf:application/pdf}
}

@inproceedings{kassahun_efficient_2005,
	title = {Efficient reinforcement learning through Evolutionary Acquisition of Neural Topologies.},
	pages = {259--266},
	booktitle = {{ESANN}},
	author = {Kassahun, Yohannes and Sommer, Gerald},
	urldate = {2014-03-10},
	date = {2005},
	file = {[PDF] from uni-kiel.de:C\:\\Users\\James\\AppData\\Roaming\\Zotero\\Zotero\\Profiles\\qyqevu1o.default\\zotero\\storage\\ARNA44XX\\Kassahun and Sommer - 2005 - Efficient reinforcement learning through Evolution.pdf:application/pdf}
}

@article{moriarty_efficient_1996,
	title = {Efficient reinforcement learning through symbiotic evolution},
	volume = {22},
	pages = {11--32},
	number = {1},
	journaltitle = {Machine learning},
	author = {Moriarty, David E. and Mikkulainen, Risto},
	urldate = {2014-03-17},
	date = {1996},
	file = {Snapshot:C\:\\Users\\James\\AppData\\Roaming\\Zotero\\Zotero\\Profiles\\qyqevu1o.default\\zotero\\storage\\6JFBESAM\\A1018004120707.html:text/html}
}

@article{siebel_evolutionary_2007,
	title = {Evolutionary reinforcement learning of artificial neural networks},
	volume = {4},
	pages = {171--183},
	number = {3},
	journaltitle = {International Journal of Hybrid Intelligent Systems},
	author = {Siebel, Nils T. and Sommer, Gerald},
	urldate = {2014-03-10},
	date = {2007},
	file = {[PDF] from uni-kiel.de:C\:\\Users\\James\\AppData\\Roaming\\Zotero\\Zotero\\Profiles\\qyqevu1o.default\\zotero\\storage\\7GCEGE9X\\Siebel and Sommer - 2007 - Evolutionary reinforcement learning of artificial .pdf:application/pdf}
}

@inproceedings{wieland_evolving_1991,
	title = {Evolving neural network controllers for unstable systems},
	volume = {2},
	pages = {667--673},
	booktitle = {Neural Networks, 1991., {IJCNN}-91-Seattle International Joint Conference on},
	publisher = {{IEEE}},
	author = {Wieland, Alexis P.},
	urldate = {2014-03-17},
	date = {1991},
	file = {[PDF] from oulu.fi:C\:\\Users\\James\\AppData\\Roaming\\Zotero\\Zotero\\Profiles\\qyqevu1o.default\\zotero\\storage\\IMK9W6J7\\Wieland - 1991 - Evolving neural network controllers for unstable s.pdf:application/pdf;Snapshot:C\:\\Users\\James\\AppData\\Roaming\\Zotero\\Zotero\\Profiles\\qyqevu1o.default\\zotero\\storage\\95UAE9DC\\login.html:text/html}
}

@inproceedings{dambrosio_evolving_2010,
	title = {Evolving policy geometry for scalable multiagent learning},
	pages = {731--738},
	booktitle = {Proceedings of the 9th International Conference on Autonomous Agents and Multiagent Systems: volume 1-Volume 1},
	publisher = {International Foundation for Autonomous Agents and Multiagent Systems},
	author = {D'Ambrosio, David B. and Lehman, Joel and Risi, Sebastian and Stanley, Kenneth O.},
	urldate = {2014-03-17},
	date = {2010},
	file = {[PDF] from aamas-conference.org:C\:\\Users\\James\\AppData\\Roaming\\Zotero\\Zotero\\Profiles\\qyqevu1o.default\\zotero\\storage\\4BDHGAGQ\\D'Ambrosio et al. - 2010 - Evolving policy geometry for scalable multiagent l.pdf:application/pdf;Snapshot:C\:\\Users\\James\\AppData\\Roaming\\Zotero\\Zotero\\Profiles\\qyqevu1o.default\\zotero\\storage\\SWEIC8QN\\citation.html:text/html}
}

@article{verbancsics_evolving_2010,
	title = {Evolving static representations for task transfer},
	volume = {11},
	pages = {1737--1769},
	journaltitle = {The Journal of Machine Learning Research},
	author = {Verbancsics, Phillip and Stanley, Kenneth O.},
	urldate = {2014-06-20},
	date = {2010},
	file = {11-1737-verbancsics.pdf:C\:\\Users\\James\\AppData\\Roaming\\Zotero\\Zotero\\Profiles\\qyqevu1o.default\\zotero\\storage\\QVWPU6EX\\11-1737-verbancsics.pdf:application/pdf}
}

@inproceedings{dambrosio_generative_2008,
	title = {Generative encoding for multiagent learning},
	pages = {819--826},
	booktitle = {Proceedings of the 10th annual conference on Genetic and evolutionary computation},
	publisher = {{ACM}},
	author = {D'Ambrosio, David B. and Stanley, Kenneth O.},
	urldate = {2014-03-17},
	date = {2008},
	file = {Snapshot:C\:\\Users\\James\\AppData\\Roaming\\Zotero\\Zotero\\Profiles\\qyqevu1o.default\\zotero\\storage\\T3SNP32G\\citation.html:text/html}
}

@inproceedings{dambrosio_generative_2008-1,
	title = {Generative encoding for multiagent learning},
	pages = {819--826},
	booktitle = {Proceedings of the 10th annual conference on Genetic and evolutionary computation},
	publisher = {{ACM}},
	author = {D'Ambrosio, David B. and Stanley, Kenneth O.},
	urldate = {2014-06-20},
	date = {2008},
	file = {p819.pdf:C\:\\Users\\James\\AppData\\Roaming\\Zotero\\Zotero\\Profiles\\qyqevu1o.default\\zotero\\storage\\GQ36GCAU\\p819.pdf:application/pdf}
}

@article{gomez_incremental_1997,
	title = {Incremental evolution of complex general behavior},
	volume = {5},
	pages = {317--342},
	number = {3},
	journaltitle = {Adaptive Behavior},
	author = {Gomez, Faustino and Miikkulainen, Risto},
	urldate = {2014-03-17},
	date = {1997},
	file = {Snapshot:C\:\\Users\\James\\AppData\\Roaming\\Zotero\\Zotero\\Profiles\\qyqevu1o.default\\zotero\\storage\\XBD57X2A\\317.html:text/html}
}

@incollection{miikkulainen_multiagent_2012,
	title = {Multiagent learning through neuroevolution},
	pages = {24--46},
	booktitle = {Advances in Computational Intelligence},
	publisher = {Springer},
	author = {Miikkulainen, Risto and Feasley, Eliana and Johnson, Leif and Karpov, Igor and Rajagopalan, Padmini and Rawal, Aditya and Tansey, Wesley},
	urldate = {2014-03-17},
	date = {2012},
	file = {Snapshot:C\:\\Users\\James\\AppData\\Roaming\\Zotero\\Zotero\\Profiles\\qyqevu1o.default\\zotero\\storage\\32FM2R9Z\\978-3-642-30687-7_2.html:text/html}
}

@inproceedings{metzen_performance_2007,
	title = {Performance evaluation of {EANT} in the {RoboCup} Keepaway benchmark},
	pages = {342--347},
	booktitle = {Machine Learning and Applications, 2007. {ICMLA} 2007. Sixth International Conference on},
	publisher = {{IEEE}},
	author = {Metzen, Jan Hendrik and Edgington, Mark and Kassahun, Yohannes and Kirchner, Frank},
	urldate = {2014-03-11},
	date = {2007}
}

@book{gomez_robust_2003,
	title = {Robust non-linear control through neuroevolution},
	publisher = {Computer Science Department, University of Texas at Austin},
	author = {Gomez, Faustino John and Miikkulainen, Risto},
	urldate = {2014-03-10},
	date = {2003}
}

@inproceedings{dambrosio_task_2011,
	title = {Task switching in multirobot learning through indirect encoding},
	pages = {2802--2809},
	booktitle = {Intelligent Robots and Systems ({IROS}), 2011 {IEEE}/{RSJ} International Conference on},
	publisher = {{IEEE}},
	author = {D'Ambrosio, David B. and Lehman, Joel and Risi, Sebastian and Stanley, Kenneth O.},
	urldate = {2014-03-17},
	date = {2011},
	file = {[PDF] from ucf.edu:C\:\\Users\\James\\AppData\\Roaming\\Zotero\\Zotero\\Profiles\\qyqevu1o.default\\zotero\\storage\\FQBJHTVP\\D'Ambrosio et al. - 2011 - Task switching in multirobot learning through indi.pdf:application/pdf;Snapshot:C\:\\Users\\James\\AppData\\Roaming\\Zotero\\Zotero\\Profiles\\qyqevu1o.default\\zotero\\storage\\NQV8BJFQ\\login.html:text/html}
}